@inproceedings{sharma2015adapting,
  title={Adapting off-the-shelf cnns for word spotting \& recognition},
  author={Sharma, Arjun and others},
  booktitle={Document Analysis and Recognition (ICDAR), 2015 13th International Conference on},
  pages={986--990},
  year={2015},
  organization={IEEE}
}

@article{jaderberg2014deep,
  title={Deep structured output learning for unconstrained text recognition},
  author={Jaderberg, Max and Simonyan, Karen and Vedaldi, Andrea and Zisserman, Andrew},
  journal={arXiv preprint arXiv:1412.5903},
  year={2014}
}

@article{almazan2014word,
  title={Word spotting and recognition with embedded attributes},
  author={Almaz{\'a}n, Jon and Gordo, Albert and Forn{\'e}s, Alicia and Valveny, Ernest},
  journal={IEEE transactions on pattern analysis and machine intelligence},
  volume={36},
  number={12},
  pages={2552--2566},
  year={2014},
  publisher={IEEE}
}

@article{marti2002iam,
  title={The IAM-database: an English sentence database for offline handwriting recognition},
  author={Marti, U-V and Bunke, Horst},
  journal={International Journal on Document Analysis and Recognition},
  volume={5},
  number={1},
  pages={39--46},
  year={2002},
  publisher={Springer}
}

@article{romero2013esposalles,
  title={The ESPOSALLES database: An ancient marriage license corpus for off-line handwriting recognition},
  author={Romero, Ver{\'o}Nica and Forn{\'e}S, Alicia and Serrano, Nicol{\'a}S and S{\'a}Nchez, Joan Andreu and Toselli, Alejandro H and Frinken, Volkmar and Vidal, Enrique and Llad{\'o}S, Josep},
  journal={Pattern Recognition},
  volume={46},
  number={6},
  pages={1658--1669},
  year={2013},
  publisher={Elsevier}
}

@inproceedings{pechwitz2002ifn,
  title={IFN/ENIT-database of handwritten Arabic words},
  author={Pechwitz, Mario and Maddouri, S Snoussi and M{\"a}rgner, Volker and Ellouze, Noureddine and Amiri, Hamid and others},
  booktitle={Proc. of CIFED},
  volume={2},
  pages={127--136},
  year={2002}
}


